@book{Fehlberg_1968, title={Classical fifth-, sixth-, seventh-, and eighth-order Runge-Kutta formulas with Stepsize Control}, publisher={National Aeronautics and Space Administration; for sale by the Clearinghouse for Federal Scientific and Technical Information, Springfield, Va}, author={Fehlberg, Erwin}, year={1968}} 